<?xml version="1.0" encoding="UTF-8"?><collection xmlns="http://www.loc.gov/MARC21/slim"><record><leader>00563nam--2200193-i-4500</leader><controlfield tag="001">000026510</controlfield><controlfield tag="002">20161230</controlfield><controlfield tag="005">20161230201036</controlfield><controlfield tag="008">060222s1000------------r-----000-0-ger-d</controlfield><datafield ind1=" " ind2=" " tag="040"><subfield code="a">IFIN-HH</subfield></datafield><datafield ind1=" " ind2=" " tag="041"><subfield code="a">ger</subfield></datafield><datafield ind1=" " ind2=" " tag="080"><subfield code="a">621.039.8</subfield></datafield><datafield ind1="1" ind2=" " tag="100"><subfield code="a">Muhlenpfordt, J</subfield></datafield><datafield ind1="1" ind2="0" tag="245"><subfield code="a">Dritte arbeitstagung uber stabile isotope</subfield><subfield code="b">Vom 28 oktober bis 2 november 1963 in leipzig</subfield><subfield code="c">J. muhlenpfordt, g. kretzschmann, k. wetzel</subfield></datafield><datafield ind1=" " ind2=" " tag="260"><subfield code="a">Berlin</subfield><subfield code="b">Akademie Verlag</subfield><subfield code="c">1965</subfield></datafield><datafield ind1=" " ind2=" " tag="300"><subfield code="a">897P</subfield></datafield><datafield ind1="1" ind2=" " tag="700"><subfield code="a">Wetzel, K</subfield></datafield><datafield ind1=" " ind2=" " tag="852"><subfield code="a">15056</subfield><subfield code="c">539.163</subfield></datafield><datafield ind1=" " ind2=" " tag="CAT"><subfield code="a">Sys</subfield><subfield code="c">20120516</subfield><subfield code="h">151713</subfield></datafield></record></collection>